{
"trades": [
{"orderId": 82908, "type": "bid" , "orderType": "market", "size": 347, "price": 1553866709, "timestamp": 1730418574},
{"orderId": 81562, "type": "ask" , "orderType": "stop", "size": 527, "price": 1530213201, "timestamp": 1730333491},
{"orderId": 81578, "type": "ask" , "orderType": "limit", "size": 299, "price": 1530213201, "timestamp": 1730334883},
{"orderId": 45, "type": "bid" , "orderType": "limit", "size": 2, "price": 120, "timestamp": 1736190000},
{"orderId": 1, "type": "bid" , "orderType": "market", "size": 2, "price": 100, "timestamp": 1735974000},
{"orderId": 44, "type": "ask" , "orderType": "market", "size": 2, "price": 75, "timestamp": 1736092800},
{"orderId": 3, "type": "bid" , "orderType": "market", "size": 2, "price": 90, "timestamp": 1735981200},
{"orderId": 42, "type": "bid" , "orderType": "market", "size": 2, "price": 115, "timestamp": 1704096000},
{"orderId": 2, "type": "bid" , "orderType": "market", "size": 2, "price": 110, "timestamp": 1736006400},
{"orderId": 43, "type": "bid" , "orderType": "market", "size": 2, "price": 80, "timestamp": 1738407600},
{"orderId": 4, "type": "bid" , "orderType": "market", "size": 2, "price": 105, "timestamp": 1736028000},
{"orderId": 44, "type": "bid" , "orderType": "stop", "size": 2, "price": 70, "timestamp": 1736010000},
{"orderId": 5, "type": "bid" , "orderType": "market", "size": 2, "price": 45, "timestamp": 1736499600},
{"timestamp":1749224288373,"size":1,"orderType":"limit","type":"ask","price":100,"orderId":241083401122208},
{"timestamp":1749224288373,"size":1,"orderType":"market","type":"bid","price":100,"orderId":241124622993583},
{"timestamp":1749224288395,"size":1,"orderType":"limit","type":"ask","price":102,"orderId":241109917822250},
{"timestamp":1749224288395,"size":1,"orderType":"stop","type":"bid","price":102,"orderId":241086167066250},
{"timestamp":1749224416215,"size":1,"orderType":"limit","type":"ask","price":100,"orderId":241227787797416},
{"timestamp":1749224416215,"size":1,"orderType":"market","type":"bid","price":100,"orderId":241252463994250},
{"timestamp":1749224416234,"size":1,"orderType":"limit","type":"ask","price":102,"orderId":241241157984541},
{"timestamp":1749224416234,"size":1,"orderType":"stop","type":"bid","price":102,"orderId":241233533446208},
{"timestamp":1749224974429,"size":1,"orderType":"limit","type":"ask","price":102,"orderId":241241157984541},
{"timestamp":1749224974429,"size":1,"orderType":"market","type":"bid","price":102,"orderId":241810666620625}
]
}